%% This BibTeX bibliography file was created using BibDesk.
%% http://bibdesk.sourceforge.net/

%% Created for Kjetil BÃ¸rs-Lind at 2016-09-21 12:02:17 +0200 


%% Saved with string encoding Unicode (UTF-8) 



@techreport{MSSoverview,
	Address = {Trondheim, Norway},
	Author = {T. Perez and {\O}.N. Smogeli and T.I. Fossen and A.J. S{\o}rensen},
	Date-Added = {2016-09-21 09:42:31 +0000},
	Date-Modified = {2016-09-21 10:02:17 +0000},
	Institution = {Norwegian University of Science and Technology (NTNU)},
	Title = {An Overview of the Marine Systems Simulator (MSS): A Simulink Toolbox for Marine Control Systems},
	Year = {2006},
	Bdsk-File-1 = {YnBsaXN0MDDUAQIDBAUGJCVYJHZlcnNpb25YJG9iamVjdHNZJGFyY2hpdmVyVCR0b3ASAAGGoKgHCBMUFRYaIVUkbnVsbNMJCgsMDxJXTlMua2V5c1pOUy5vYmplY3RzViRjbGFzc6INDoACgAOiEBGABIAFgAdccmVsYXRpdmVQYXRoWWFsaWFzRGF0YV8QQC4uLy4uLy4uLy4uL0Ryb3Bib3gvUHJvc2pla3RvcHBnYXZlL0Zvc3NlbiAtIE92ZXJ2aWV3IG9mIE1TUy5wZGbSFwsYGVdOUy5kYXRhTxEB3gAAAAAB3gACAAAMTWFjaW50b3NoIEhEAAAAAAAAAAAAAAAAAAAA0VM97EgrAAAAkSrJHEZvc3NlbiAtIE92ZXJ2aWV3IG9mIE1TUy5wZGYAAAAAAAAAAAAAAAAAAAAAAAAAAAAAAAAAAAAAAAAAAAAAAACRKvDUCAnWAAAAAAAAAAAABAADAAAJIAAAAAAAAAAAAAAAAAAAAA9Qcm9zamVrdG9wcGdhdmUAABAACAAA0VMhzAAAABEACAAA1AfttgAAAAEAEACRKskAJiQpAAmKWgACmDcAAgBSTWFjaW50b3NoIEhEOlVzZXJzOgBLamV0aWw6AERyb3Bib3g6AFByb3NqZWt0b3BwZ2F2ZToARm9zc2VuIC0gT3ZlcnZpZXcgb2YgTVNTLnBkZgAOADoAHABGAG8AcwBzAGUAbgAgAC0AIABPAHYAZQByAHYAaQBlAHcAIABvAGYAIABNAFMAUwAuAHAAZABmAA8AGgAMAE0AYQBjAGkAbgB0AG8AcwBoACAASABEABIAQVVzZXJzL0tqZXRpbC9Ecm9wYm94L1Byb3NqZWt0b3BwZ2F2ZS9Gb3NzZW4gLSBPdmVydmlldyBvZiBNU1MucGRmAAATAAEvAAAVAAIADf//AACABtIbHB0eWiRjbGFzc25hbWVYJGNsYXNzZXNdTlNNdXRhYmxlRGF0YaMdHyBWTlNEYXRhWE5TT2JqZWN00hscIiNcTlNEaWN0aW9uYXJ5oiIgXxAPTlNLZXllZEFyY2hpdmVy0SYnVHJvb3SAAQAIABEAGgAjAC0AMgA3AEAARgBNAFUAYABnAGoAbABuAHEAcwB1AHcAhACOANEA1gDeAsACwgLHAtIC2wLpAu0C9AL9AwIDDwMSAyQDJwMsAAAAAAAAAgEAAAAAAAAAKAAAAAAAAAAAAAAAAAAAAy4=}}

@techreport{HILtestingDP,
	Address = {Trondheim, Norway},
	Author = {Tor A. Johansen and Thor I. Fossen and Bj{\o}rnar Vik},
	Date-Added = {2016-09-20 12:42:10 +0000},
	Date-Modified = {2016-09-20 12:48:34 +0000},
	Institution = {Marine Cybernetics, Norwegian University of Science and Technology},
	Rating = {2},
	Read = {1},
	Title = {Hardware-in-the-loop testing of DP systems},
	Year = {2005}}

@book{rausand14,
	Address = {Hoboken, NJ},
	Author = {Rausand, Marvin},
	Date-Added = {2014-08-12 08:32:25 +0000},
	Date-Modified = {2014-08-12 08:33:48 +0000},
	Publisher = {Wiley},
	Title = {Reiability of Safety-Critical Systems: Theory and Applications},
	Year = {2014}}

@article{lundteigen08,
	Author = {Lundteigen, Mary Ann and Rausand, Marvin},
	Date-Added = {2011-06-16 13:34:45 +0200},
	Date-Modified = {2011-06-16 13:34:45 +0200},
	Journal = {Reliability Engineering and System Safety},
	Pages = {1208--1217},
	Title = {Spurious activation of safety instrumented systems in the oil and gas industry: Basic concepts and formulas},
	Volume = {93},
	Year = {2008}}

@book{rausand04,
	Address = {Hoboken, NJ},
	Author = {Rausand, Marvin and H{\o}yland, Arnljot},
	Date-Added = {2011-06-16 11:53:55 +0200},
	Date-Modified = {2011-06-16 11:55:09 +0200},
	Edition = {2nd},
	Publisher = {Wiley},
	Title = {System Reliability Theory: Models, Statistical Methods, and Applications},
	Year = {2004}}
